@string{ um="Universidade do Minho" }
@string{ umdi="Universidade do Minho, Departamento de Inform�tica" }

@inproceedings{graminteractivas1990,
  author={F. M�rio Martins and J.J. Almeida and P.R. Henriques},
  title = {Mecanismos para Especifica��o e Prototipagem de Interfaces
    Utilizador-Sistema},
  note = {(Gram�ticas Interactivas guardadas)},
  booktitle={3$�$ Encontro Portugu�s de Computa��o Gr�fica},
  address="Coimbra",
  year = 1990,
}

@techreport{jspell1,
   author = "J.J. Almeida and Ulisses Pinto",
   title = "Manual de Utilizador do {JSpell}",
   year = 1994,
   type = "Manual",
   month = "Jul",
   institution = umdi,
   keyword = "morphology, lexical analysis,jspell",
   abstract = {},
   url = "http://natura.di.uminho.pt/~jj/pln/jspellman.ps.gz",
}

@inproceedings{RPA99,
  author={Jorge Rocha and Tiago Pedroso and J.J. Almeida},
  title ={{MAPit} - A tool set for automatically generation of {HTML} Maps},
  booktitle = "Confer�ncia da Association of Geographic Information
Laboratories for Europe (AGILE)",
  address="Roma",
  year=1999,
 keyword="GIS, XML, mapit",
}
